1584 2320
903 109 960 150 iv.

146 211 559 267 das gemecht damit
577 217 788 277 geweſchen
804 225 1040 285 bnimpt dz
1055 234 1180 281 ragen

147 268 217 325 der
217 268 414 325 gemecht.
950 289 1173 334 Betonica.

384 336 493 382 Wer
502 330 656 389 hubſch
656 330 734 389 har
734 330 849 389 woͤll
856 335 1000 387 haben.

148 376 282 431 Jtem
290 385 415 432 trinck
420 404 522 435 wein
529 392 586 433 ab
594 392 771 433 betonien
779 390 823 445 ſo
831 398 941 437 würt
947 399 1012 443 dir
1021 404 1089 445 ein
1093 410 1175 454 gůt

148 435 238 499 farb
238 435 396 499 ſpꝛichet
404 448 576 502 Plinius
595 442 678 500 wer
678 442 728 500 ſy
728 442 806 500 bey
806 442 877 500 jm
895 453 996 500 dē
996 453 1049 500 dē
1066 465 1177 511 mag

146 487 233 538 kein
241 498 424 559 zouberey
424 498 661 559 geſchaden
661 498 741 559 Es
750 492 796 558 iſt
805 498 912 556 auch
912 498 996 556 gůt
1005 504 1075 563 für
1075 504 1175 563 gift.

142 548 256 598 Vnd
265 566 339 596 wer
348 568 412 599 ein
422 557 544 613 boͤſen
553 562 711 608 magen
720 551 799 610 hat
799 551 908 610 leber
918 570 979 605 vñ
988 560 1098 613 miltz
1105 565 1174 611 der

144 614 253 657 mag
262 608 433 653 trincken
441 611 498 657 ab
498 611 598 657 dem
615 611 740 657 kraut
748 613 845 667 alſo
857 615 906 666 dz
912 615 993 663 dar
1009 614 1099 673 vnd
1099 614 1176 673 ge/

142 662 290 712 miſcht
301 668 410 702 werd
420 675 551 714 wenig
560 665 674 720 eſſich
674 665 766 720 vnd
784 658 905 721 honig
907 663 983 727 diß
997 673 1100 730 alſo
1100 673 1174 730 ge/

142 710 304 758 trūncken
312 724 357 758 es
366 711 522 775 hilft: es
532 721 575 782 iſt
583 719 689 781 auch
689 719 771 781 gůt
771 719 879 781 denē
879 719 944 781 die
955 725 1052 777 blůt
1060 732 1173 790 speyē

184 774 293 820 Wer
302 774 368 839 ein
368 774 449 839 gůt
449 774 702 839 gedechtnüß
711 782 820 835 woͤll
820 782 921 835 han.
945 790 1170 849 Bugloſſa.

137 822 256 872 Jtem
266 842 350 872 wer
357 831 609 890 ochſenzung
609 831 662 890 dz
670 838 797 886 kraut
805 841 927 900 beyſſt
927 841 979 900 in
988 858 1091 891 wein
1106 859 1170 894 vñ

137 880 318 934 darnoch
318 880 466 934 trinckt
484 893 551 937 der
551 893 718 937 gewint
734 896 801 947 ein
801 896 905 947 gůte
914 900 1170 955 gedechtnüß

138 935 215 978 Es
225 938 355 993 ſterckt
364 940 465 990 auch
465 940 552 990 das
561 937 658 988 hertz
665 951 757 985 vnd
766 949 907 997 macht
907 949 987 997 gůt
996 949 1096 993 blůt
1104 965 1166 995 vñ

137 983 262 1046 heilet
262 983 371 1046 auch
371 983 458 1046 das
458 983 561 1046 hertz
561 983 727 1046 geſperꝛ.
751 993 866 1056 Das
866 993 953 1056 ſaft
953 993 1167 1056 getrunckē

136 1049 211 1085 mit
221 1054 383 1086 warmē
393 1044 535 1102 waſſer
543 1041 642 1100 hilft
650 1049 722 1115 für
722 1049 774 1115 dz
774 1049 1008 1115 geſchwellē
1017 1053 1044 1106 ȣ
1053 1060 1144 1119 fuͤß.

374 1105 506 1165 Was
506 1105 596 1165 den
596 1105 712 1165 durſt.
712 1105 827 1165 nem.
944 1116 1164 1161 Borberis.

134 1152 263 1208 Jtem
272 1162 378 1216 neüß
387 1160 550 1217 pferſich
563 1163 603 1216 ſo
620 1162 796 1217 benimpt
811 1178 850 1207 er
858 1166 936 1212 den
953 1167 1063 1224 durſt
1072 1176 1161 1217 vnd

130 1210 264 1264 sterckt
264 1210 318 1264 dē
328 1217 576 1271 magen|vnd
584 1222 642 1261 die
650 1219 766 1263 leber.
784 1220 868 1278 Jtē
868 1220 1019 1278 damit
1029 1225 1160 1285 geſch/

128 1268 264 1315 mirbt
264 1268 344 1315 den
352 1269 486 1326 bauch
486 1269 556 1326 der
563 1271 724 1333 frauwē
740 1269 840 1325 tribt
848 1280 909 1341 uß
909 1280 961 1341 dz
969 1286 1039 1330 tod
1048 1280 1162 1332 kindt

129 1322 238 1374 auch
243 1324 376 1381 macht
384 1339 426 1371 es
437 1329 653 1394 ſchwitzen.
653 1329 834 1394 Pfersich
834 1329 918 1394 mit
931 1341 1072 1398 waſſer
1072 1341 1157 1398 das

129 1377 216 1439 ſaft
216 1377 306 1439 auß
306 1377 493 1439 getruckt
502 1393 591 1433 vnd
598 1391 658 1436 da
668 1403 754 1434 von
764 1403 960 1448 morgens
974 1396 1155 1452 genoſſen

127 1428 174 1485 iſt
176 1438 256 1480 gůt
265 1440 390 1486 wider
397 1441 446 1493 dz
450 1440 586 1488 haubt
596 1459 676 1491 wee
687 1447 826 1505 ſpricht
835 1453 1092 1508 Platearius.

256 1491 349 1550 Fur
349 1491 409 1550 dz
409 1491 628 1550 ſchwidlen
643 1500 703 1555 im
703 1500 853 1555 haubt.
945 1505 1149 1557 Boꝛrago.

126 1543 205 1596 Jtē
213 1545 303 1600 nim
303 1545 353 1600 dz
363 1550 447 1601 ſaft
456 1556 543 1597 von
548 1555 596 1598 dē
604 1555 732 1599 kraut
740 1557 888 1604 boꝛrich
888 1557 948 1604 vñ
958 1559 1089 1618 miſch
1101 1564 1151 1619 dz

124 1609 198 1651 mit
206 1600 334 1651 zucker
347 1604 438 1646 vnd
447 1604 597 1649 trincks
612 1608 659 1657 dz
669 1608 765 1662 hilft
773 1609 839 1666 für
846 1608 893 1657 dē
911 1610 1116 1671 ſchwindel
1133 1625 1150 1669 i

122 1646 260 1699 haubt.
278 1653 364 1717 Die
364 1653 513 1717 blůmē
513 1653 593 1717 roh
593 1653 740 1717 geeſſen
757 1665 938 1727 machent
938 1665 1023 1727 gůt
1037 1676 1144 1722 blůt.

121 1706 219 1764 Jtez
226 1710 293 1765 leg
293 1710 359 1765 die
366 1714 536 1766 blůmen
543 1721 589 1764 in
597 1715 730 1769 baum
740 1722 786 1769 oͤl
794 1729 856 1778 vñ
864 1728 993 1789 ſtreich
993 1728 1043 1789 dz
1050 1736 1145 1776 über

1061 1787 1086 1844 b
1100 1800 1136 1844 j.
